% Encoding: windows-1252

@Book{bentley:1999,
  title = {{P}rogramming {P}earls},
  publisher = {Ad\-dison--Wesley},
  year = {1999},
  author = {Jon Bentley},
  address = {Boston, MA, USA},
  edition = {2},
}

@Book{bringhurst:2002,
  title = {{T}he {E}lements of {T}ypographic {S}tyle},
  publisher = {Hartley \& Marks Publishers},
  year = {2013},
  author = {Robert Bringhurst},
  series = {Version 4.0: 20th Anniversary Edition},
  address = {Point Roberts, WA, USA}
}

@Book{cormen:2001,
  title = {{I}ntroduction to {A}lgorithms},
  publisher = {The MIT Press},
  year = {2009},
  author = {Cormen, Thomas H. and Leiserson, Charles E. and Rivest, Ronald L. and Clifford Stein},
  address = {Cambridge, MA, USA},
  edition = 3
}

@Book{dueck:trio,
  title = {{D}ueck's {T}rilogie 2.1: {O}mnisophie -- {S}upramanie -- {T}opothesie},
  publisher = {Springer},
  address = {Berlin, Germany},
  year = {2013},
  author = {Gunter Dueck}
}

@Article{knuth:1976,
  author = {Knuth, Donald E.},
  title = {{B}ig {O}micron and {B}ig {O}mega and {B}ig {T}heta},
  journal = {SIGACT News},
  year = {1976},
  volume = {8},
  pages = {18--24},
  number = {2},
  address = {New York, NY, USA},
  publisher = {ACM Press}
}

@Article{knuth:1974,
  author = {Knuth, Donald E.},
  title = {{C}omputer {P}rogramming as an {A}rt},
  journal = {Communications of the ACM},
  year = {1974},
  volume = {17},
  pages = {667--673},
  number = {12},
  address = {New York, NY, USA},
  publisher = {ACM Press}
}

@Book{sommerville:1992,
  title = {{S}oftware {E}ngineering},
  publisher = {Addison-Wesley},
  year = {2015},
  author = {Ian Sommerville},
  address = {Boston, MA, USA},
  edition = 10
}

@Book{taleb:2012,
  title = {{A}ntifragile: {T}hings {T}hat {G}ain from {D}isorder},
  publisher = {Random House},
  year = {2012},
  author = {Taleb, Nassim Nicholas},
  address = {New York, NY, USA},
}

@Book{taleb:2010,
  title = {The Black Swan: The Impact of the Highly Improbable},
  publisher = {Random House},
  year = {2010},
  author = {Taleb, Nassim Nicholas},
  address = {New York, NY, USA}
}
 

@Book{ferriss:2016,
  title={Tools of Titans: The Tactics, Routines, and Habits of Billionaires, Icons, and World-Class Performers},
  author={Timothy Ferriss},
  publisher={Houghton Mifflin Harcourt},
  year={2016},
  address = {Boston, MA, USA},
}

@Book{adams:1996,
  author = {Adams, Scott},
  title = {The Dilbert Principle},
  publisher = {Harper Business},
  year = {1996},
  address = {New York, NY, USA}
}

@Book{adams:2013,
  author = {Adams, Scott},
  title = {How to Fail at Almost Everything and Still Win Big: Kind of the Story of My Life},
  publisher = {Portfolio Penguin},
  year = {2013},
  address = {London, United Kingdom},
}

@Book{aurelius:2002,
  author = {Aurelius, Marcus},
  title = {Meditations (A New Translation)},
  publisher = {Modern Library},
  year = {2002},
  address = {New York, NY, USA},
}

@Book{cialdini:1984,
  author = {Cialdini, Robert B.},
  title = {Influence: The Psychology of Persuasion},
  publisher = {Harper Business},
  year = {1984},
  address = {New York, NY, USA}
}

@Book{feynman:1985,
  title = {{S}urely {Y}ou're {J}oking, {M}r. {F}eynman: {A}dventures of a {C}urious {C}haracter},
  publisher = {W. W. Norton},
  year = {1985},
  author = {Feynman, Richard P.},
  address = {New York, NY, USA},
}

@Book{greenwald:2014,
  title = {{N}o {P}lace to {H}ide: {E}dward {S}nowden, the {NSA}, and the {S}urveillance {S}tate},
  publisher = {Metropolitan Books},
  year = {2014},
  author = {Greenwald, Glenn},
  address = {New York, NY, USA},
}

@Book{orwell:1949,
  author = {Orwell, George},
  title = {Nineteen Eighty-Four},
  publisher = {Secker \& Warburg},
  year = {1949},
  address = {London, United Kingdom}
}

@Book{pausch:2008,
  title = {The Last Lecture},
  publisher = {Hodder \& Stoughton},
  year = {2008},
  author = {Pausch, Randy},
  address = {London, United Kingdom},
}

@Book{seneca,
  author = {Seneca, Lucius},
  title = {Letters from a Stoic: Epistulae Morales ad Lucilium},
  publisher = {Penguin},
  year = {1969},
  address = {Harmondsworth, United Kingdom}
}

@Book{trump:1987,
  author = {Trump, Donald J. and Schwartz, Tony},
  title = {Trump: The Art of the Deal},
  publisher = {Random House},
  year = {1987},
  address = {New York, NY, USA}
}

@Book{frankl:1959,
  author = {Frankl, Viktor E.},
  title = {Man's Search for Meaning},
  publisher = {Beacon Press},
  year = {1959},
  address = {Boston, MA, USA}
}

@Book{munger:2008,
  title = {Poor Charlie's Almanack: The Wit and Wisdom of Charles T. Munger},
  publisher = {Donning Company},
  year = {2008},
  author = {Munger, Charles T.},
  address = {Virginia Beach, VA, USA},
  edition = {3},
}
 
@Book{postman:2005,
  author = {Postman, Neil},
  title = {Amusing Ourselves to Death: Public Discourse in the Age of Show Business (20th Anniversary Edition)},
  publisher = {Penguin Books},
  year = {2005},
  address = {New York, NY, USA}
}

@Misc{wikipedia:csma,
  author = {Wikipedia contributors},
  title = {{Carrier Sense Multiple Access}},
  year = {2018},
  howpublished = {\href{https://de.wikipedia.org/w/index.php?title=Carrier\_Sense\_Multiple\_Access\&oldid=179780893}{https://de.wikipedia. org/w/index.php?title=Carrier\_Sense\_Multiple\_Access\&oldid=179780893}},
  note = {[Online; accessed 22-July-2004]}
}

@Misc{wikipedia:plagiarism,
  author = {Wikipedia contributors},
  title = {{Plagiarism -- Wikipedia, The Free Encyclopedia}},
  year = {2004},
  howpublished = {\href{http://en.wikipedia.org/w/index.php?title=Plagiarism\&oldid=5139350}{http://en.wikipedia.org/w/index.php?title=Plagiarism\&oldid=5139350}},
  note = {[Online; accessed 22-July-2004]}
}

@Misc{wikipedia:citing,
  author = {Wikipedia contributors},
  title = {{Citing Wikipedia}},
  year = {2018},
  howpublished = {\href{https://en.wikipedia.org/w/index.php?title=Wikipedia:Citing\_Wikipedia\&oldid=918052627}{https://en.wikipedia.org/w/index. php?title=Wikipedia:Citing\_Wikipedia\&oldid=918052627}},
  note = {[Online; accessed 22-October-2019]}
}

@Misc{wikipedia:citing_harvard,
  author = {Wikipedia contributors},
  title = {{Autor-Jahr-Zitierweise}},
  year = {2019},
  howpublished = {\href{https://de.wikipedia.org/w/index.php?title=Autor-Jahr-Zitierweise\&oldid=190142684}{https://de.wikipedia.org/w/ index.php?title=Autor-Jahr-Zitierweise\&oldid=190142684}},
  note = {[Online; accessed 21-Januar-2020]}
}

@Misc{wikipedia:citing_ieee,
  author = {Wikipedia contributors},
  title = {{IEEE Style}},
  year = {2020},
  howpublished = {\href{https://en.wikipedia.org/w/index.php?title=IEEE\_style\&oldid=936368639}{https://en.wikipedia.org/w/index.php? title=IEEE\_style\&oldid=936368639}},
  note = {[Online; accessed 21-Januar-2020]}
}

@Inproceedings{bredel:2009:01,
  author = {Michael Bredel and Markus Fidler},
  title = {{Understanding Fairness and its Impact on Quality of Service in IEEE 802.11}},
  booktitle = {Proc. of {IEEE} Infocom},
  year = {2009},
  month = apr,
  pages = {1098--1106}
}

@Misc{bildblog:guttenberg,
  author = {Bildblog},
  title = {{Wie ich Freiherr zu Guttenberg zu Wilhelm machte}},
  year = {2009},
  howpublished = {\href{https://bildblog.de/5704/wie-ich-freiherr-von-guttenberg-zu-wilhelm-machte/}{https://bild blog.de/5704/wie-ich-freiherr-von-guttenberg-zu-wilhelm-machte/}},
  note = {[Online; accessed 22-October-2019]}
}

@Misc{spiegel:guttenberg,
  author = {Spiegel},
  title = {{Falscher Wilhelm bei Minister Guttenberg}},
  year = {2009},
  howpublished = {\href{https://www.spiegel.de/politik/deutschland/in-eigener-sache-falscher-wilhelm-bei-minister-guttenberg-a-606912.html}{https://www.spiegel.de/ politik/deutschland/in-eigener-sache-falscher-wilhelm-bei-minister-guttenberg -a-606912.html}},
  note = {[Online; accessed 22-October-2019]}
}

@Misc{rundschau:wikipedia,
  author = {Frankfurter Rundschau},
  title = {{Wikipedia - Wie ich Stalins Badezimmer erschuf}},
  year = {2011},
  howpublished = {\href{https://www.fr.de/kultur/stalins-badezimmer-erschuf-11720309.html}{https://www.fr.de/kultur/stalins-badezimmer-erschuf-11720309.html}},
  note = {[Online; accessed 22-October-2019]}
}

@Misc{wulff:2013:01,
  author = {Debora Weber-Wulff},
  title = {{Fremde Federn Finden - Kurs über Plagiat}},
  year = {2013},
  howpublished = {\href{http://plagiat.htw-berlin.de/ff/startseite/fremde\_federn\_finden}{http://plagiat.htw-berlin.de/ff/startseite/fremde\_federn\_finden}},
  note = {[Online; accessed 22-October-2019]}
}

@Book{eco:2010:01,
  author = {Umberto Eco},
  title = {{Wie man eine wissenschaftliche Abschlußarbeit schreibt}},
  publisher = {UTB GmbH},
  year = {2010},
  address = {Stuttgart, Germany}
}

@Book{dfg:2013:01,
  author = {{Deutsche Forschungsgemeinschaft}},
  publisher = {{Wiley-VCH}},
  title = {Vorschläge zur Sicherung guter wissenschaftlicher Praxis},
  howpublished = {\href{http://d-nb.info/1043456643}{http://d-nb.info/1043456643}},
  year = {2013},
  address = {Weinheim, Germany},
}

@Misc{hda:2012:01,
  author = {Fachhochschule Darmstadt},
  title = {{Allgemeine Bestimmungen für Prüfungsordnungen (ABPO) der Hochschule Darmstadt vom 08.12.2005 in der geänderten Fassung vom 17.04.2012}},
  year = {2012},
  howpublished = {\href{https://www.h-da.de/fileadmin/h\_da/Hochschule/Presse\_Publikationen/Hochschulanzeiger/ABPO\_2012-04-17.pdf}{https://www.h-da.de/fileadmin/h\_da/Hochschule/ Presse\_Publikationen/Hochschulanzeiger/ABPO\_2012-04-17.pdf}},
  note = {[Online; accessed 22-October-2019]}
}

@Misc{fbi:2014:01,
  author = {Fachbereich Informatik, Fachhochschule Darmstadt},
  title = {{Studien- und Prüfungsordnungen}},
  year = {2014},
  howpublished = {\href{https://fbi.h-da.de/fachbereich/gremien/pruefungsausschuss/studien-und-pruefungsordnungen/}{https://fbi.h-da.de/fachbereich/gremien/pruefungsausschuss/ studien-und-pruefungsordnungen/}},
  note = {[Online; accessed 22-October-2019]}
}

@Misc{mbredel:2020:01,
  author = {Michael von R\"{u}den and Andr\'{e} Miede},
  title = {{Thesis-Template des FBI}},
  year = {2020},
  howpublished = {\href{https://github.com/mbredel/thesis-template}{https://git- hub.com/mbredel/thesis-template}}
}
