%% This BibTeX bibliography file was created using BibDesk.
%% https://bibdesk.sourceforge.io/

%% Created for Tim Knacker at 2022-02-23 20:15:10 +0100 


%% Saved with string encoding Unicode (UTF-8) 



@inproceedings{Fujii,
	author = {Fujii, Yuto and Sakai, Atsushi and Kuroda, Yoji},
	booktitle = {2010 IEEE International Conference on Robotics and Biomimetics},
	date-added = {2022-02-23 20:14:59 +0100},
	date-modified = {2022-02-23 20:15:08 +0100},
	doi = {10.1109/ROBIO.2010.5723457},
	pages = {967-972},
	title = {Discriminative parameter determination of divided difference filter for mobile robot localization},
	year = {2010},
	bdsk-url-1 = {https://doi.org/10.1109/ROBIO.2010.5723457}}

@inproceedings{Bingrong,
	author = {Bingrong, Li and Changwen, Qu and Zheng, Zhou and Linpeng, Guo},
	booktitle = {2018 IEEE 3rd Advanced Information Technology, Electronic and Automation Control Conference (IAEAC)},
	date-added = {2022-02-23 20:07:43 +0100},
	date-modified = {2022-02-23 20:08:01 +0100},
	doi = {10.1109/IAEAC.2018.8577916},
	pages = {2530-2534},
	title = {Application of UKF Alogrithm in Passive Localization and Tracking},
	year = {2018},
	bdsk-url-1 = {https://doi.org/10.1109/IAEAC.2018.8577916}}

@inproceedings{Deilamsalehy,
	author = {Deilamsalehy, Hanieh and Havens, Timothy C.},
	booktitle = {2016 IEEE SENSORS},
	date-added = {2022-02-23 19:59:29 +0100},
	date-modified = {2022-02-23 19:59:38 +0100},
	doi = {10.1109/ICSENS.2016.7808523},
	pages = {1-3},
	title = {Sensor fused three-dimensional localization using IMU, camera and LiDAR},
	year = {2016},
	bdsk-url-1 = {https://doi.org/10.1109/ICSENS.2016.7808523}}

@inproceedings{Du,
	author = {Du, Liping and Chen, Longji and Hou, Xiaotian and Chen, Yueyun},
	booktitle = {2019 28th Wireless and Optical Communications Conference (WOCC)},
	date-added = {2022-02-23 19:53:53 +0100},
	date-modified = {2022-02-23 19:54:01 +0100},
	doi = {10.1109/WOCC.2019.8770586},
	pages = {1-5},
	title = {Cooperative Vehicle Localization Base on Extended Kalman Filter In Intelligent Transportation System},
	year = {2019},
	bdsk-url-1 = {https://doi.org/10.1109/WOCC.2019.8770586}}

@inproceedings{Huang,
	author = {Huang, Tianjun and Hao, Jiutao and Chen, Zhizhang David and Wen, Guangjun and Li, Jinyan and Zhao, Huapeng},
	booktitle = {2018 IEEE MTT-S International Wireless Symposium (IWS)},
	date-added = {2022-02-23 19:49:22 +0100},
	date-modified = {2022-02-23 19:50:24 +0100},
	doi = {10.1109/IEEE-IWS.2018.8400972},
	pages = {1-4},
	title = {An indoor FMCW localization system with the application of the extended Kalman filter},
	year = {2018},
	bdsk-url-1 = {https://doi.org/10.1109/IEEE-IWS.2018.8400972}}

@inproceedings{Nguyen,
	author = {Nguyen, Lan Anh and Dung, Pham Trung and Ngo, Trung Dung and Truong, Xuan Tung},
	booktitle = {2019 3rd International Conference on Recent Advances in Signal Processing, Telecommunications Computing (SigTelCom)},
	date-added = {2022-02-21 22:18:11 +0100},
	date-modified = {2022-02-21 22:18:20 +0100},
	doi = {10.1109/SIGTELCOM.2019.8696103},
	pages = {33-37},
	title = {Improving the accuracy of the autonomous mobile robot localization systems based on the multiple sensor fusion methods},
	year = {2019},
	bdsk-url-1 = {https://doi.org/10.1109/SIGTELCOM.2019.8696103}}

@article{Wu,
	author = {Wang, Zhangjing and Wu, Yu and Niu, Qingqing},
	date-added = {2022-02-21 21:53:47 +0100},
	date-modified = {2022-02-21 21:54:09 +0100},
	doi = {10.1109/ACCESS.2019.2962554},
	journal = {IEEE Access},
	pages = {2847-2868},
	title = {Multi-Sensor Fusion in Automated Driving: A Survey},
	volume = {8},
	year = {2020},
	bdsk-url-1 = {https://doi.org/10.1109/ACCESS.2019.2962554}}

@article{Wang,
	author = {Wang, Lei and Groves, Paul D and Ziebart, Marek K},
	date-added = {2022-02-21 20:27:23 +0100},
	date-modified = {2022-02-21 20:27:38 +0100},
	doi = {10.1017/S0373463312000082},
	journal = {Journal of Navigation},
	number = {3},
	pages = {459--476},
	publisher = {Cambridge University Press},
	title = {Multi-Constellation GNSS Performance Evaluation for Urban Canyons Using Large Virtual Reality City Models},
	volume = {65},
	year = {2012},
	bdsk-url-1 = {https://doi.org/10.1017/S0373463312000082}}

@inproceedings{Kolakowski,
	author = {Kolakowski, Marcin},
	booktitle = {2020 23rd International Microwave and Radar Conference (MIKON)},
	date-added = {2022-01-09 14:22:05 +0100},
	date-modified = {2022-01-09 14:22:17 +0100},
	doi = {10.23919/MIKON48703.2020.9253854},
	pages = {122-126},
	title = {Comparison of Extended and Unscented Kalman Filters Performance in a Hybrid BLE-UWB Localization System},
	year = {2020},
	bdsk-url-1 = {https://doi.org/10.23919/MIKON48703.2020.9253854}}

@inproceedings{St-Pierre,
	author = {St-Pierre, M. and Gingras, D.},
	booktitle = {IEEE Intelligent Vehicles Symposium, 2004},
	date-added = {2022-01-09 11:54:51 +0100},
	date-modified = {2022-01-09 11:55:00 +0100},
	doi = {10.1109/IVS.2004.1336492},
	pages = {831-835},
	title = {Comparison between the unscented Kalman filter and the extended Kalman filter for the position estimation module of an integrated navigation information system},
	year = {2004},
	bdsk-url-1 = {https://doi.org/10.1109/IVS.2004.1336492}}

@inproceedings{Mourllion,
	author = {Mourllion, B. and Gruyer, D. and Lambert, A. and Glaser, S.},
	booktitle = {2005 IEEE/RSJ International Conference on Intelligent Robots and Systems},
	date-added = {2022-01-07 19:30:29 +0100},
	date-modified = {2022-01-07 19:30:39 +0100},
	doi = {10.1109/IROS.2005.1545151},
	pages = {565-571},
	title = {Kalman filters predictive steps comparison for vehicle localization},
	year = {2005},
	bdsk-url-1 = {https://doi.org/10.1109/IROS.2005.1545151}}

@book{ThalesNavigation,
	address = {Santa Clara, CA, USA},
	author = {Thales Navigation, Inc.},
	date-added = {2022-01-05 14:05:44 +0100},
	date-modified = {2022-01-10 09:03:17 +0100},
	month = {5},
	publisher = {Thales Navigation, Inc.},
	title = {Z-Max Operation and Applications Manual},
	year = {2003},
	bdsk-file-1 = {YnBsaXN0MDDSAQIDBFxyZWxhdGl2ZVBhdGhZYWxpYXNEYXRhXxAYLi4vLi4vRG93bmxvYWRzL3ptYXgucGRmTxEBOgAAAAABOgACAAAMTWFjaW50b3NoIEhEAAAAAAAAAAAAAAAAAAAAAAAAAEJEAAH/////CHptYXgucGRmAAAAAAAAAAAAAAAAAAAAAAAAAAAAAAAAAAAAAAAAAAAAAAAAAAAAAAAAAAAAAAAAAAAAAAAAAP////8AAAAAAAAAAAAAAAAAAgACAAAKIGN1AAAAAAAAAAAAAAAAAAlEb3dubG9hZHMAAAIAJS86VXNlcnM6dGlta25hY2tlcjpEb3dubG9hZHM6em1heC5wZGYAAA4AEgAIAHoAbQBhAHgALgBwAGQAZgAPABoADABNAGEAYwBpAG4AdABvAHMAaAAgAEgARAASACNVc2Vycy90aW1rbmFja2VyL0Rvd25sb2Fkcy96bWF4LnBkZgAAEwABLwAAFQACABH//wAAAAgADQAaACQAPwAAAAAAAAIBAAAAAAAAAAUAAAAAAAAAAAAAAAAAAAF9}}

@book{CrossbowTechnology,
	address = {4145 N. First Street, San Jose, CA 95134},
	author = {Crossbow Technology, Inc.},
	date-added = {2022-01-05 14:03:17 +0100},
	date-modified = {2022-01-10 09:28:13 +0100},
	month = {2},
	publisher = {Crossbow Technology, Inc.},
	title = {VG400 Series User's Manual},
	year = {2007},
	bdsk-file-1 = {YnBsaXN0MDDSAQIDBFxyZWxhdGl2ZVBhdGhZYWxpYXNEYXRhXxA3Li4vU21hcnRfTW9iaWxpdHlfV1MyMV8yMi9WRzQwMF9TZXJpZXNfVXNlcnNfTWFudWFsLnBkZk8RAcQAAAAAAcQAAgAADE1hY2ludG9zaCBIRAAAAAAAAAAAAAAAAAAAAAAAAABCRAAB/////x1WRzQwMF9TZXJpZXNfVXNlcnNfTWFudWFsLnBkZgAAAAAAAAAAAAAAAAAAAAAAAAAAAAAAAAAAAAAAAAAAAAD/////AAAAAAAAAAAAAAAAAAEAAgAACiBjdQAAAAAAAAAAAAAAAAAWU21hcnRfTW9iaWxpdHlfV1MyMV8yMgACAE8vOlVzZXJzOnRpbWtuYWNrZXI6RGVza3RvcDpTbWFydF9Nb2JpbGl0eV9XUzIxXzIyOlZHNDAwX1Nlcmllc19Vc2Vyc19NYW51YWwucGRmAAAOADwAHQBWAEcANAAwADAAXwBTAGUAcgBpAGUAcwBfAFUAcwBlAHIAcwBfAE0AYQBuAHUAYQBsAC4AcABkAGYADwAaAAwATQBhAGMAaQBuAHQAbwBzAGgAIABIAEQAEgBNVXNlcnMvdGlta25hY2tlci9EZXNrdG9wL1NtYXJ0X01vYmlsaXR5X1dTMjFfMjIvVkc0MDBfU2VyaWVzX1VzZXJzX01hbnVhbC5wZGYAABMAAS8AABUAAgAR//8AAAAIAA0AGgAkAF4AAAAAAAACAQAAAAAAAAAFAAAAAAAAAAAAAAAAAAACJg==},
	bdsk-file-2 = {YnBsaXN0MDDSAQIDBFxyZWxhdGl2ZVBhdGhZYWxpYXNEYXRhXxBKLi4vLi4vRG93bmxvYWRzL0lFRUUgWHBsb3JlIENpdGF0aW9uIEJpYlRlWCBEb3dubG9hZCAyMDIyLjEuOS4xMS41My41OS5iaWJPEQICAAAAAAICAAIAAAxNYWNpbnRvc2ggSEQAAAAAAAAAAAAAAAAAAAAAAAAAQkQAAf////8fSUVFRSBYcGxvcmUgQ2l0YXRpI0ZGRkZGRkZGLmJpYgAAAAAAAAAAAAAAAAAAAAAAAAAAAAAAAAAAAAAAAAAA/////wAAAAAAAAAAAAAAAAACAAIAAAogY3UAAAAAAAAAAAAAAAAACURvd25sb2FkcwAAAgBXLzpVc2Vyczp0aW1rbmFja2VyOkRvd25sb2FkczpJRUVFIFhwbG9yZSBDaXRhdGlvbiBCaWJUZVggRG93bmxvYWQgMjAyMi4xLjkuMTEuNTMuNTkuYmliAAAOAHYAOgBJAEUARQBFACAAWABwAGwAbwByAGUAIABDAGkAdABhAHQAaQBvAG4AIABCAGkAYgBUAGUAWAAgAEQAbwB3AG4AbABvAGEAZAAgADIAMAAyADIALgAxAC4AOQAuADEAMQAuADUAMwAuADUAOQAuAGIAaQBiAA8AGgAMAE0AYQBjAGkAbgB0AG8AcwBoACAASABEABIAVVVzZXJzL3RpbWtuYWNrZXIvRG93bmxvYWRzL0lFRUUgWHBsb3JlIENpdGF0aW9uIEJpYlRlWCBEb3dubG9hZCAyMDIyLjEuOS4xMS41My41OS5iaWIAABMAAS8AABUAAgAR//8AAAAIAA0AGgAkAHEAAAAAAAACAQAAAAAAAAAFAAAAAAAAAAAAAAAAAAACdw==}}

@article{Schei,
	author = {Schei, Tor S.},
	date-added = {2022-01-05 13:58:31 +0100},
	date-modified = {2022-01-05 13:58:56 +0100},
	doi = {10.4173/mic.1998.3.2},
	journal = {Modeling, Identification and Control},
	number = {3},
	pages = {141--152},
	publisher = {Norwegian Society of Automatic Control},
	title = {{A finite-difference method for linearization in nonlinear estimation algorithms}},
	volume = {19},
	year = {1998},
	bdsk-url-1 = {https://doi.org/10.4173/mic.1998.3.2}}

@article{Norgaard,
	author = {Magnus N{\o}rgaard and Niels Kj{\o}lstad Poulsen and Ole Ravn},
	date-added = {2022-01-05 13:55:40 +0100},
	date-modified = {2022-01-10 09:28:45 +0100},
	journal = {Automatica},
	month = {11},
	pages = {1627-1638},
	title = {Advances in Derivative-Free State Estimation for Nonlinear Systems},
	volume = {36(11)},
	year = {2000}}

@inproceedings{Kalman,
	author = {Rudolf E. K{\'a}lm{\'a}n},
	date-added = {2022-01-05 13:51:36 +0100},
	date-modified = {2022-01-05 13:51:50 +0100},
	title = {A new approach to linear filtering and prediction problems" transaction of the asme~journal of basic},
	year = {1960}}

@inproceedings{Bar-Shalom,
	author = {Yaakov Bar-Shalom and Xiaorong Li and Thia Kirubarajan},
	date-added = {2022-01-05 13:48:28 +0100},
	date-modified = {2022-01-05 13:48:48 +0100},
	title = {Estimation with Applications to Tracking and Navigation: Theory, Algorithms and Software},
	year = {2001}}

@inproceedings{Wan,
	author = {Wan, E.A. and Van Der Merwe, R.},
	booktitle = {Proceedings of the IEEE 2000 Adaptive Systems for Signal Processing, Communications, and Control Symposium (Cat. No.00EX373)},
	date-added = {2022-01-05 13:47:39 +0100},
	date-modified = {2022-01-05 13:47:48 +0100},
	doi = {10.1109/ASSPCC.2000.882463},
	pages = {153-158},
	title = {The unscented Kalman filter for nonlinear estimation},
	year = {2000},
	bdsk-url-1 = {https://doi.org/10.1109/ASSPCC.2000.882463}}

@inproceedings{Julier,
	author = {Simon J. Julier and Jeffrey K. Uhlmann},
	booktitle = {Defense, Security, and Sensing},
	date-added = {2022-01-05 13:46:10 +0100},
	date-modified = {2022-01-05 13:46:35 +0100},
	title = {New extension of the Kalman filter to nonlinear systems},
	year = {1997}}

@inproceedings{Ndjeng,
	author = {Ndjeng Ndjeng, Alexandre and Lambert, Alain and Gruyer, Dominique and Glaser, Sebastien},
	booktitle = {2009 IEEE Intelligent Vehicles Symposium},
	doi = {10.1109/IVS.2009.5164318},
	pages = {441-446},
	title = {Experimental comparison of Kalman Filters for vehicle localization},
	year = {2009},
	bdsk-url-1 = {https://doi.org/10.1109/IVS.2009.5164318}}
